@MISC{ConvectionImage,
	title = {Convection Currents - 1. CGC 1D 2016 - 2017},
	note = {\url{https://sites.google.com/a/ocsb.ca/cgc-1d/a-unit-2-3-natural-disasters--earthquakes/1-4-convection-currents/2-convection-currents}},
	year = {Accessed: April 2017}
}

@MISC{JacobsLatex,
	author = {Johnston, Nathaniel and Hammersley, John},
	title = {Jacobs Portrait Poster},
	note = {From \url{http://www.LaTeXTemplates.com} and \url{https://teamwork.jacobs-university.de:8443/confluence/display/CoPandBiG/LaTeX+Poster}}
}

@article{MoltenCore,
  title = {Generation of a Magnetic Field by Dynamo Action in a Turbulent Flow of Liquid Sodium},
  author = {Monchaux, R. and Berhanu, M. and Bourgoin, M. and Moulin, M. and Odier, Ph. and Pinton, J.-F. and Volk, R. and Fauve, S. and Mordant, N. and P\'etr\'elis, F. and Chiffaudel, A. and Daviaud, F. and Dubrulle, B. and Gasquet, C. and Mari\'e, L. and Ravelet, F.},
  journal = {Phys. Rev. Lett.},
  volume = {98},
  issue = {4},
  pages = {044502},
  numpages = {4},
  year = {2007},
  month = {Jan},
  publisher = {American Physical Society},
  doi = {10.1103/PhysRevLett.98.044502},
  url = {https://link.aps.org/doi/10.1103/PhysRevLett.98.044502}
}


@MISC{Mestel,
	author = {J. Mestel},
	title = {m4n10 Lecture Notes}
}